@book{teoria-basica-de-conjuntos,
	author    = "Víctor Fernández Laguna",
	title     = "Teoría Básica de Conjuntos",
	year      = "2003",
	publisher = "Anaya",
}

@book{jacobson,
	author    = "N. Jacobson",
	title     = "Basic Algebra I",
	year      = "1985",
	publisher = "W. H. Freeman and Company",
}

@book{dummit,
	author    = "Dummit y Foote",
	title     = "Abstract algebra",
	year      = "2004",
	publisher = "John Wiley and Sons",
}

@book{fraileigh,
	author    = "J. B. Fraileigh",
	title     = "A first course in Abstract Algebra",
	year      = "2013",
	publisher = "Pearson",
}

@book{dorronsoro,
	author    = "J. Dorronsoro y E. Hernández",
	title     = "Números, grupos y anillos",
	year      = "1996",
	publisher = "Addison-Wesley",
}




